@online{openai2024chatgpt,
	author       = {{OpenAI}},
	title        = {ChatGPT (June 2025 version)},
	year         = 2025,
	url          = {https://chat.openai.com},
	note         = {Accessed June 7, 2025}
}

@article{engels2024classicol,
	author       = {Engels, I. and others},
	title        = {{ClassiCOL: LC-MS/MS analysis for ancient species Classification via Collagen peptide ambiguation}},
	journal      = {bioRxiv},
	year         = {2024},
	month        = {October},
	day          = {1},
	doi          = {10.1101/2024.10.01.616034},
	note         = {\url{https://doi.org/10.1101/2024.10.01.616034}}
}

@manual{python,
	title        = {Python: A Programming Language},
	author       = {{Python Software Foundation}},
	organization = {Python Software Foundation},
	year         = {2024},
	url          = {https://www.python.org},
	note         = {Version 3.12.3}
}
@online{python_concurrent_futures,
	author       = {{Python Software Foundation}},
	title        = {concurrent.futures --- Launching parallel tasks},
	year         = {2024},
	url          = {https://docs.python.org/3/library/concurrent.futures.html},
	urldate      = {2025-06-05},
	note         = {Accessed: 03-06-2025}
}

@online{python_glossary_gil,
	author       = {{Python Software Foundation}},
	title        = {Glossary: Global Interpreter Lock (GIL)},
	year         = {2024},
	url          = {https://docs.python.org/3/glossary.html#term-global-interpreter-lock},
	urldate      = {2025-06-05},
	note         = {Accessed: 03-06-2025}
}
